@misc{WarehouseRobots,
  author = {Ben Ames},
  title = {{Warehouse robots earn their diplomas}},
  howpublished = "\url{https://www.dcvelocity.com/articles/50224-warehouse-robots-earn-their-diplomas}",
  year = {2021}
}

@misc{DeliveryRobots,
  author = {CNET Highlights},
  title = {{Delivery Robots! (See Amazon and FedEx's future helpers)}},
  howpublished = "\url{https://youtu.be/Oj5b3q_iDog?feature=shared}",
  year = {2021}
}

@article{bai2019efficient,
  title={Efficient routing for precedence-constrained package delivery for heterogeneous vehicles},
  author={Bai, Xiaoshan and Cao, Ming and Yan, Weisheng and Ge, Shuzhi Sam},
  journal={IEEE Transactions on Automation Science and Engineering},
  volume={17},
  number={1},
  pages={248--260},
  year={2019},
  publisher={IEEE}
}

@article{coltin2013online,
  title={Online Pickup and Delivery Planning with Transfers for Mobile Robots, 2013},
  author={Coltin, Brian and Veloso, Manuela},
  journal={Association for the Advancement of Artificial Intelligence (Year: 2013)}
}

@article{camisa2022multi,
  title={Multi-robot pickup and delivery via distributed resource allocation},
  author={Camisa, Andrea and Testa, Andrea and Notarstefano, Giuseppe},
  journal={IEEE Transactions on Robotics},
  volume={39},
  number={2},
  pages={1106--1118},
  year={2022},
  publisher={IEEE}
}

@misc{DronesWildfire,
  author = {Veronica Brezina},
  title = {{NASA backs drone company that tracks wildfires}},
  howpublished = "\url{https://stpetecatalyst.com/nasa-backs-drone-company-that-tracks-wildfires/}",
  year = {2022}
}

@inproceedings{chen2024drone,
  title={A Drone Swarm-Based Wildfire Search and Rescue Method with Autonomous Behavior Modeling and Centralized Task Assignment},
  author={Chen, Yiming and Zhang, Yiran and Zhang, Ganglin and Gu, Yuantao},
  booktitle={2024 IEEE 4th International Conference on Power, Electronics and Computer Applications (ICPECA)},
  pages={341--345},
  year={2024},
  organization={IEEE}
}

@misc{SearchRescue,
  author = {Tradr},
  title = {{Disaster Robotics Research Project
}},
  howpublished = "\url{https://www.tradr-project.eu/}",
  year = {2022}
}

@book{karp2010reducibility,
  title={Reducibility among combinatorial problems},
  author={Karp, Richard M},
  year={2010},
  publisher={Springer}
}

@book{bertsekas1991linear,
  title={Linear network optimization: algorithms and codes},
  author={Bertsekas, Dimitri P},
  year={1991},
  publisher={MIT press}
}

@article{kuhn1955hungarian,
  title={The Hungarian method for the assignment problem},
  author={Kuhn, Harold W},
  journal={Naval research logistics quarterly},
  volume={2},
  number={1-2},
  pages={83--97},
  year={1955},
  publisher={Wiley Online Library}
}

@article{bertsekas1988auction,
  title={The auction algorithm: A distributed relaxation method for the assignment problem},
  author={Bertsekas, Dimitri P},
  journal={Annals of operations research},
  volume={14},
  number={1},
  pages={105--123},
  year={1988},
  publisher={Springer}
}

@incollection{pardalos1999nonlinear,
  title={Nonlinear assignment problems},
  author={Pardalos, Panos M and Pitsoulis, Leonidas S and Mavridou, TD},
  booktitle={Large Scale Computations in Air Pollution Modelling},
  pages={261--273},
  year={1999},
  publisher={Springer}
}

@article{dyer1986linear,
  title={On linear programs with random costs},
  author={Dyer, Martin E and Frieze, Alan M and McDiarmid, Colin JH},
  journal={Mathematical Programming},
  volume={35},
  pages={3--16},
  year={1986},
  publisher={Springer}
}

@article{romeijn2000class,
  title={A class of greedy algorithms for the generalized assignment problem},
  author={Romeijn, H Edwin and Morales, Dolores Romero},
  journal={Discrete Applied Mathematics},
  volume={103},
  number={1-3},
  pages={209--235},
  year={2000},
  publisher={Elsevier}
}

@inproceedings{ma2015efficient,
  title={An efficient algorithm for the weapon target assignment problem},
  author={Ma, Feng and Ni, Mingfang and Gao, Bin and Yu, Zhanke},
  booktitle={2015 IEEE International Conference on Information and Automation},
  pages={2093--2097},
  year={2015},
  organization={IEEE}
}

@article{haight2000integer,
  title={An integer optimization approach to a probabilistic reserve site selection problem},
  author={Haight, Robert G and Revelle, Charles S and Snyder, Stephanie A},
  journal={Operations research},
  volume={48},
  number={5},
  pages={697--708},
  year={2000},
  publisher={INFORMS}
}

@inproceedings{alighanbari2005decentralized,
  title={Decentralized task assignment for unmanned aerial vehicles},
  author={Alighanbari, Mehdi and How, Jonathan P},
  booktitle={Proceedings of the 44th IEEE Conference on Decision and Control},
  pages={5668--5673},
  year={2005},
  organization={IEEE}
}

@inproceedings{curtis2003simultaneous,
  title={Simultaneous area search and task assignment for a team of cooperative agents},
  author={Curtis, Jess and Murphey, Robert},
  booktitle={AIAA Guidance, Navigation, and Control Conference and Exhibit},
  pages={5584},
  year={2003}
}

@article{samiei2023distributed,
  title={Distributed Matching-By-Clone Hungarian-Based Algorithm for Task Allocation of Multi-Agent Systems},
  author={Samiei, Arezoo and Sun, Liang},
  journal={IEEE Transactions on Robotics},
  year={2023},
  publisher={IEEE}
}

@article{choi2009consensus,
  title={Consensus-based decentralized auctions for robust task allocation},
  author={Choi, Han-Lim and Brunet, Luc and How, Jonathan P},
  journal={IEEE transactions on robotics},
  volume={25},
  number={4},
  pages={912--926},
  year={2009},
  publisher={IEEE}
}

@article{johnson2017decentralized,
  title={Decentralized task allocation using local information consistency assumptions},
  author={Johnson, Luke B and Choi, Han-Lim and Ponda, Sameera S and How, Jonathan P},
  journal={Journal of Aerospace Information Systems},
  volume={14},
  number={2},
  pages={103--122},
  year={2017},
  publisher={American Institute of Aeronautics and Astronautics}
}

@article{arslan2007autonomous,
  title={Autonomous vehicle-target assignment: A game-theoretical formulation},
  author={Arslan, G{\"u}rdal and Marden, Jason R and Shamma, Jeff S},
  year={2007}
}

@article{shorinwa2023distributed,
  title={Distributed multirobot task assignment via consensus ADMM},
  author={Shorinwa, Ola and Haksar, Ravi N and Washington, Patrick and Schwager, Mac},
  journal={IEEE Transactions on Robotics},
  year={2023},
  publisher={IEEE}
}

@article{devasia2020cohesive,
  title={Cohesive networks using delayed self reinforcement},
  author={Devasia, Santosh},
  journal={Automatica},
  volume={112},
  pages={108699},
  year={2020},
  publisher={Elsevier}
}

@inproceedings{zhang2018fully,
  title={Fully decentralized multi-agent reinforcement learning with networked agents},
  author={Zhang, Kaiqing and Yang, Zhuoran and Liu, Han and Zhang, Tong and Basar, Tamer},
  booktitle={International Conference on Machine Learning},
  pages={5872--5881},
  year={2018},
  organization={PMLR}
}

@article{qu2019distributed,
  title={Distributed greedy algorithm for multi-agent task assignment problem with submodular utility functions},
  author={Qu, Guannan and Brown, Dave and Li, Na},
  journal={Automatica},
  volume={105},
  pages={206--215},
  year={2019},
  publisher={Elsevier}
}

@article{jimenez2018decentralized,
  title={A decentralized framework for multi-agent robotic systems},
  author={Jim{\'e}nez, Andr{\'e}s C and Garc{\'\i}a-D{\'\i}az, Vicente and Bola{\~n}os, Sandro},
  journal={Sensors},
  volume={18},
  number={2},
  pages={417},
  year={2018},
  publisher={MDPI}
}

@article{chopra2017distributed,
  title={A distributed version of the hungarian method for multirobot assignment},
  author={Chopra, Smriti and Notarstefano, Giuseppe and Rice, Matthew and Egerstedt, Magnus},
  journal={IEEE Transactions on Robotics},
  volume={33},
  number={4},
  pages={932--947},
  year={2017},
  publisher={IEEE}
}

@inproceedings{bhattacharya2021multiagent,
  title={Multiagent rollout and policy iteration for POMDP with application to multi-robot repair problems},
  author={Bhattacharya, Sushmita and Kailas, Siva and Badyal, Sahil and Gil, Stephanie and Bertsekas, Dimitri},
  booktitle={Conference on Robot Learning},
  pages={1814--1828},
  year={2021},
  organization={PMLR}
}